<?xml version="1.0" encoding="UTF-8"?>
<record xmlns="http://www.loc.gov/MARC21/slim" xmlns:xsi="http://www.w3.org/2001/XMLSchema-instance" xsi:schemaLocation="http://www.loc.gov/MARC21/slim http://www.loc.gov/standards/marcxml/schema/MARC21slim.xsd">
<leader>     nam a2200289   4500</leader>
<controlfield tag="001">001680724</controlfield>
<controlfield tag="003">NNU</controlfield>
<controlfield tag="005">19980608174131.6</controlfield>
<controlfield tag="008">820624s1970    iq ach   b    000 0barar</controlfield>
<datafield tag="010" ind1=" " ind2=" ">
<subfield code="a">78251855</subfield>
</datafield>
<datafield tag="035" ind1="9" ind2=" ">
<subfield code="a">NYUb12224127</subfield>
</datafield>
<datafield tag="035" ind1=" " ind2=" ">
<subfield code="a">(MH)MHBHN66247HU</subfield>
</datafield>
<datafield tag="035" ind1=" " ind2=" ">
<subfield code="a">(OCoLC)08546167</subfield>
</datafield>
<datafield tag="035" ind1=" " ind2=" ">
<subfield code="a">(CStRLIN)MAHGBHN66247-B</subfield>
</datafield>
<datafield tag="040" ind1=" " ind2=" ">
<subfield code="a">DLC</subfield>
<subfield code="c">TU</subfield>
<subfield code="d">TU</subfield>
<subfield code="d">MH</subfield>
<subfield code="d">CStRLIN</subfield>
</datafield>
<datafield tag="050" ind1="0" ind2=" ">
<subfield code="a">PJ6064.A5</subfield>
<subfield code="b">A7</subfield>
</datafield>
<datafield tag="100" ind1="1" ind2=" ">
<subfield code="a">Ālūsī, Sālim.</subfield>
</datafield>
<datafield tag="245" ind1="1" ind2="0">
<subfield code="a">Fī dhikrā al-Ab al-Karmilī al-Rāhib al-ʻallāmah /</subfield>
<subfield code="c">bi-qalam Sālim al-Ālūsī.</subfield>
</datafield>
<datafield tag="260" ind1=" " ind2=" ">
<subfield code="a">[Baghdad] :</subfield>
<subfield code="b">Mudīrīyat al-Thaqāfah al-ʻĀmmah,</subfield>
<subfield code="c">[1970]</subfield>
</datafield>
<datafield tag="300" ind1=" " ind2=" ">
<subfield code="a">66 p.</subfield>
<subfield code="b">illus., facsims., ports.</subfield>
<subfield code="c">24 cm.</subfield>
</datafield>
<datafield tag="490" ind1="1" ind2=" ">
<subfield code="a">Silsilat al-Kutub al-ḥadīthah,</subfield>
<subfield code="v">31</subfield>
</datafield>
<datafield tag="500" ind1=" " ind2=" ">
<subfield code="a">"Bi-Munāsabat iḥtifāl wa-zārat al-thaqāfah wa-al-iʻlām bi-dhikrā murūr thalāthat wa-ʻishrīn Sanah ʻalā wafāt al-Kirmilī.̋</subfield>
</datafield>
<datafield tag="504" ind1=" " ind2=" ">
<subfield code="a">Bibliographical footnotes.</subfield>
</datafield>
<datafield tag="600" ind1="0" ind2="0">
<subfield code="a">Anistās Mārī,</subfield>
<subfield code="c">al-Karmilī, ab,</subfield>
<subfield code="d">1866-1947.</subfield>
</datafield>
<datafield tag="830" ind1=" " ind2="0">
<subfield code="a">Silsilat al-kutub al-ḥadīthah ;</subfield>
<subfield code="v">31.</subfield>
</datafield>
<datafield tag="OWN" ind1=" " ind2=" ">
<subfield code="a">GENERAL</subfield>
</datafield>
<datafield tag="950" ind1=" " ind2=" ">
<subfield code="l">BMAIN</subfield>
<subfield code="a">PJ6064.A5</subfield>
<subfield code="b">A7</subfield>
</datafield>
<datafield tag="955" ind1=" " ind2=" ">
<subfield code="l">BMAIN</subfield>
<subfield code="c">1</subfield>
<subfield code="r">028826793</subfield>
</datafield>
<datafield tag="998" ind1=" " ind2=" ">
<subfield code="s">9115</subfield>
</datafield>
<datafield tag="AVA" ind1=" " ind2=" ">
<subfield code="a">NYU50</subfield>
<subfield code="b">BOBST</subfield>
<subfield code="c">Main Collection</subfield>
<subfield code="d">PJ6064.A5 A7</subfield>
<subfield code="e">unavailable</subfield>
<subfield code="t">Unavailable</subfield>
<subfield code="f">1</subfield>
<subfield code="g">1</subfield>
<subfield code="h">N</subfield>
<subfield code="i">0</subfield>
<subfield code="j">MAIN</subfield>
</datafield>
</record>
